<?xml version="1.0" encoding="UTF-8"?><collection xmlns="http://www.loc.gov/MARC21/slim"><record><leader>00687nam--2200181-i-4500</leader><controlfield tag="001">000026418</controlfield><controlfield tag="002">20161230</controlfield><controlfield tag="005">20161230201036</controlfield><controlfield tag="008">060222s1000------------r-----000-0-eng-d</controlfield><datafield ind1=" " ind2=" " tag="040"><subfield code="a">IFIN-HH</subfield></datafield><datafield ind1=" " ind2=" " tag="080"><subfield code="a">537.84:621.362(061.3)</subfield></datafield><datafield ind1="1" ind2=" " tag="110"><subfield code="a">The Oecd European Nuclear Energy Agency</subfield></datafield><datafield ind1="1" ind2="0" tag="245"><subfield code="a">International symposium on magnetohydrodynamic electrical power generation</subfield><subfield code="b">Procedings of an international syposium held in paris 6-11 july 1964.compte-rendu d'un symposium internayional tena a paris, juillet 1964</subfield></datafield><datafield ind1=" " ind2=" " tag="260"><subfield code="a">Paris</subfield><subfield code="b">Enea</subfield><subfield code="c">1964</subfield></datafield><datafield ind1=" " ind2=" " tag="300"><subfield code="a">4 VOLUMES</subfield></datafield><datafield ind1="1" ind2=" " tag="787"><subfield code="a">Volume 4</subfield><subfield code="h">/1721p./2042p</subfield><subfield code="t">Technical Discussions</subfield></datafield><datafield ind1=" " ind2=" " tag="852"><subfield code="a">76012</subfield><subfield code="c">538.4</subfield></datafield><datafield ind1=" " ind2=" " tag="CAT"><subfield code="a">Sys</subfield><subfield code="c">20110920</subfield><subfield code="h">144723</subfield></datafield></record></collection>